

@misc{ silicon,
       author = "Reynald Fléchaux",
       title = "Transformation digitale : le coût des tests et de la qualité logicielle explose",
       month={septembre},
       year = "2015",
       note={https://www.silicon.fr/}
        }

@Article{PyramideMDA,

author={Denisse Yessica Muñante Arzapalo},

journal={UNIVERSTÉ DE PAU ET DES PAYS DE L’ADOUR
ÉCOLE DOCTORALE DES SCIENCES EXACTES ET DE LEURS
APPLICATIONS},

title={Une approche basée sur l’Ingénierie Dirigée par les
modèles pour identifier, concevoir et évaluer des
aspects sécurité},

year={2014},

month={décembre},

pages={25},

notes={sympathique}

}